<?xml version="1.0" encoding="UTF-8"?><collection xmlns="http://www.loc.gov/MARC21/slim"><record><leader>00429nam--2200133-i-4500</leader><controlfield tag="001">000017617</controlfield><controlfield tag="002">20161230</controlfield><controlfield tag="005">20161230201032</controlfield><controlfield tag="008">060222s1000------------r-----000-0-eng-d</controlfield><datafield ind1=" " ind2=" " tag="080"><subfield code="a">541.15(O47:520):061.62(046:520)</subfield></datafield><datafield ind1=" " ind2=" " tag="245"><subfield code="a">The activities in the osaka laboratory for radiation chemistry nr.2: april 1968 - march 1969</subfield></datafield><datafield ind1=" " ind2=" " tag="260"><subfield code="a">Osaka, Japan Atomic Energy Research Institute, 1969, 1970 171 P</subfield></datafield><datafield ind1=" " ind2=" " tag="490"><subfield code="a">5022</subfield></datafield><datafield ind1=" " ind2=" " tag="852"><subfield code="a">23010</subfield></datafield></record></collection>